<record><leader>00000cas a2200000 a 4500</leader><controlfield tag="001">31453942</controlfield><controlfield tag="008">941114d19uu1993cauwr ne     f0    0eng c</controlfield><datafield ind1=" " ind2=" " tag="010"><subfield code="a">sn2006060152</subfield></datafield><datafield ind1=" " ind2=" " tag="040"><subfield code="a">WIH</subfield><subfield code="b">eng</subfield><subfield code="c">WIH</subfield><subfield code="d">CNK</subfield><subfield code="d">OCLCQ</subfield><subfield code="d">CNK</subfield><subfield code="d">OCLCQ</subfield><subfield code="d">OCLCO</subfield></datafield><datafield ind1="1" ind2=" " tag="029"><subfield code="a">AU@</subfield><subfield code="b">000040498449</subfield></datafield><datafield ind1=" " ind2=" " tag="042"><subfield code="a">pcc</subfield></datafield><datafield ind1=" " ind2=" " tag="043"><subfield code="a">n-us-ca</subfield></datafield><datafield ind1="0" ind2=" " tag="130"><subfield code="a">Carrier (Alameda, Calif.)</subfield></datafield><datafield ind1="1" ind2="4" tag="245"><subfield code="a">The carrier.</subfield></datafield><datafield ind1=" " ind2=" " tag="260"><subfield code="a">Alameda, Calif. :</subfield><subfield code="b">Naval Air Station, Alameda :</subfield><subfield code="f">(Coast Pub.)</subfield></datafield><datafield ind1=" " ind2=" " tag="300"><subfield code="a">v. :</subfield><subfield code="b">ill. ;</subfield><subfield code="c">44 cm.</subfield></datafield><datafield ind1=" " ind2=" " tag="310"><subfield code="a">Weekly</subfield></datafield><datafield ind1=" " ind2=" " tag="500"><subfield code="a">Changes to magazine format with Feb. 7, 1997 issue.</subfield></datafield><datafield ind1=" " ind2=" " tag="500"><subfield code="a">Place of printing varies, &lt;1992-&gt;: San Ramon, Calif; printer varies, &lt;1993-&gt;: Tri-Valley Merchant.</subfield></datafield><datafield ind1=" " ind2=" " tag="515"><subfield code="a">Irregularity in numbering, &lt;July 6, 1984-Aug. 24&gt;: &lt;vol. 46, no. 26-33&gt; issued as &lt;v. 48, no. 26-33&gt;; &lt;Sept. 5, 1984-Dec. 14, 1984&gt; called &lt;v. 27, no. 35-49&gt;</subfield></datafield><datafield ind1=" " ind2=" " tag="515"><subfield code="a">Irregularity in numbering, &lt;Oct. 10, 1986-&gt;: &lt;Vol. 48, no. 41-&gt; issued as &lt;v. 43, no. 10-&gt;; other irregularities follow.</subfield></datafield><datafield ind1=" " ind2=" " tag="530"><subfield code="a">Available on microfilm from the State Historical Society of Wisconsin.</subfield></datafield><datafield ind1=" " ind2=" " tag="530"><subfield code="a">Master negatives are available for duplication from:</subfield><subfield code="b">California Newspaper Microfilm Archive;</subfield><subfield code="c">positive copies may be purchased by the reel; for further information consult the CNMA at:</subfield><subfield code="u">http://cbsr.ucr.edu</subfield></datafield><datafield ind1=" " ind2=" " tag="588"><subfield code="a">Description based on: Vol. 8, no. 28 (July 16, 1948).</subfield></datafield><datafield ind1=" " ind2=" " tag="588"><subfield code="a">Latest issue consulted: Vol. 48 [i.e. 55], no. 13 (Apr. 2, 1993).</subfield></datafield><datafield ind1="2" ind2="0" tag="610"><subfield code="a">Alameda Naval Air Station (Calif.)</subfield><subfield code="v">Newspapers.</subfield></datafield><datafield ind1=" " ind2="0" tag="650"><subfield code="a">Military bases</subfield><subfield code="z">California</subfield><subfield code="v">Newspapers.</subfield></datafield><datafield ind1=" " ind2="0" tag="651"><subfield code="a">Naval Air Station Alameda (Calif.)</subfield><subfield code="v">Newspapers.</subfield></datafield><datafield ind1="2" ind2=" " tag="710"><subfield code="a">Alameda Naval Air Station (Calif.)</subfield></datafield><datafield ind1=" " ind2=" " tag="752"><subfield code="a">United States</subfield><subfield code="b">California</subfield><subfield code="d">Alameda.</subfield></datafield></record>